@article{AMINIZADEH2023107745,
title = {The applications of machine learning techniques in medical data processing based on distributed computing and the Internet of Things},
journal = {Computer Methods and Programs in Biomedicine},
volume = {241},
pages = {107745},
year = {2023},
issn = {0169-2607},
doi = {https://doi.org/10.1016/j.cmpb.2023.107745},
url = {https://www.sciencedirect.com/science/article/pii/S016926072300411X},
author = {Sarina Aminizadeh and Arash Heidari and Shiva Toumaj and Mehdi Darbandi and Nima Jafari Navimipour and Mahsa Rezaei and Samira Talebi and Poupak Azad and Mehmet Unal},
keywords = {Medical data processing, Healthcare data analysis, Deep learning, Distributed computing},
}

@article{eddarhri2022towards,
  title={Towards predictive maintenance: the case of the aeronautical industry},
  author={Eddarhri, Maria and Adib, Jihad and Hain, Mustapha and Marzak, Abdelaziz},
  journal={Procedia Computer Science},
  volume={203},
  pages={769--774},
  year={2022},
  publisher={Elsevier}
}


@article{regona2022artificial,
  title={Artificial intelligent technologies for the construction industry: how are they perceived and utilized in Australia?},
  author={Regona, Massimo and Yigitcanlar, Tan and Xia, Bo and Li, Rita Yi Man},
  journal={Journal of Open Innovation: Technology, Market, and Complexity},
  volume={8},
  number={1},
  pages={16},
  year={2022},
  publisher={Elsevier}
}

@article{yasir2022performing,
  title={Performing in-situ analytics: Mining frequent patterns from big IoT data at network edge with D-HARPP},
  author={Yasir, Muhammad and Haidar, Ali and Chaudhry, Muhammad Umar and Habib, Muhammad Asif and Hussain, Aamir and Jasi{\'n}ska, El{\.z}bieta and Leonowicz, Zbigniew and Jasi{\'n}ski, Micha{\l}},
  journal={Engineering Applications of Artificial Intelligence},
  volume={116},
  pages={105480},
  year={2022},
  publisher={Elsevier}
}

@article{haskey2014clustering,
  title={Clustering of periodic multichannel timeseries data with application to plasma fluctuations},
  author={Haskey, SR and Blackwell, BD and Pretty, DG},
  journal={Computer Physics Communications},
  volume={185},
  number={6},
  pages={1669--1680},
  year={2014},
  publisher={Elsevier}
}

@article{wang2023intelligent,
  title={An Intelligent Active Probing and Trace-back Scheme for IoT Anomaly Detection},
  author={Wang, Luying and Chen, Lingyi and Xiong, Neal N and Liu, Anfeng and Wang, Tian and Dong, Mianxiong},
  journal={Digital Communications and Networks},
  year={2023},
  publisher={Elsevier}
}

@article{gao2023anomaly,
  title={Anomaly traffic detection in IoT security using graph neural networks},
  author={Gao, Mengnan and Wu, Lifa and Li, Qi and Chen, Wei},
  journal={Journal of Information Security and Applications},
  volume={76},
  pages={103532},
  year={2023},
  publisher={Elsevier}
}